@article{fukuchi2009focus,
  title={The focus of expansion in optical flow fields acts as a strong cue for visual attention},
  author={Fukuchi, Masaki and Tsuchiya, Naotsugu and Koch, Christof},
  journal={Journal of Vision},
  volume={9},
  number={8},
  pages={137--137},
  year={2009},
  publisher={The Association for Research in Vision and Ophthalmology}
}

@inproceedings{dragan2013legibility,
  title={Legibility and predictability of robot motion},
  author={Dragan, Anca D and Lee, Kenton CT and Srinivasa, Siddhartha S},
  booktitle={2013 8th ACM/IEEE International Conference on Human-Robot Interaction (HRI)},
  pages={301--308},
  year={2013},
  organization={IEEE}
}

@inproceedings{nikolaidis2016based,
  title={based legibility optimization},
  author={Nikolaidis, Stefanos and Dragan, Anca and Srinivasa, Siddhartha},
  booktitle={2016 11th ACM/IEEE International Conference on Human-Robot Interaction (HRI)},
  pages={271--278},
  year={2016},
  organization={IEEE}
}

@article{gil2016estimating,
  title={Estimating the focus of expansion in a video sequence using the trajectories of interest points},
  author={Gil-Jim{\'e}nez, Pedro and G{\'o}mez-Moreno, Hilario and L{\'o}pez-Sastre, Roberto J and Bermejillo-Mart{\'\i}n-Romo, Alberto},
  journal={Image and Vision Computing},
  volume={50},
  pages={14--26},
  year={2016},
  publisher={Elsevier}
}

@article{park2023VRSickness,
  title={Reducing VR Sickness by Directing User Gaze to Motion Singularity Point/Region as Effective Rest Frame},
  author={Park, Mu-Hyeon and Yun, Kwan and Kim, Gerard J},
  journal={IEEE Access},
  volume={11},
  pages={34227--34237},
  year={2023},
  publisher={IEEE}
}

@article{francis2023principles,
  title={Principles and guidelines for evaluating social robot navigation algorithms},
  author={Francis, Anthony and P{\'e}rez-d'Arpino, Claudia and Li, Chengshu and Xia, Fei and Alahi, Alexandre and Alami, Rachid and Bera, Aniket and Biswas, Abhijat and Biswas, Joydeep and Chandra, Rohan and others},
  journal={arXiv preprint arXiv:2306.16740},
  year={2023}
}


@article{PAT2021IJSR,
  title={From HRI to CRI: Crowd Robot Interactionâ€”Understanding the Effect of Robots on Crowd Motion: Empirical Study of Pedestrian Dynamics with a Wheelchair and a Pepper Robot},
  author={Zhang, Bingqing and Amirian, Javad and Eberle, Harry and Pettr{\'e}, Julien and Holloway, Catherine and Carlson, Tom},
  journal={International Journal of Social Robotics},
  pages={1--13},
  publisher={Springer}
}

@inproceedings{dugas2020_IAN,
  title={Ian: Multi-behavior navigation planning for robots in real, crowded environments},
  author={Dugas, Daniel and Nieto, Juan and Siegwart, Roland and Chung, Jen Jen},
  booktitle={2020 IEEE/RSJ International Conference on Intelligent Robots and Systems (IROS)},
  pages={11368--11375},
  year={2020},
  organization={IEEE}
}

@inproceedings{taylor2022observeraware,
  title={Observer-aware legibility for social navigation},
  author={Taylor, Ada V and Mamantov, Ellie and Admoni, Henny},
  booktitle={2022 31st IEEE International Conference on Robot and Human Interactive Communication (RO-MAN)},
  pages={1115--1122},
  year={2022},
  organization={IEEE}
}

@inproceedings{dragan2015effects,
  title={Effects of robot motion on human-robot collaboration},
  author={Dragan, Anca D and Bauman, Shira and Forlizzi, Jodi and Srinivasa, Siddhartha S},
  booktitle={Proceedings of the Tenth Annual ACM/IEEE International Conference on Human-Robot Interaction},
  pages={51--58},
  year={2015}
}

@article{bronars2023_GLMM,
  title={Legible Robot Motion from Conditional Generative Models},
  author={Bronars, Matthew and Xu, Danfei},
  year={2023}
}
